@article{devlin2018bert,
  title={BERT: Pre-training of Deep Bidirectional Transformers for Language Understanding},
  author={Devlin, Jacob and Chang, Ming-Wei and Lee, Kenton and Toutanova, Kristina},
  journal={arXiv preprint arXiv:1810.04805},
  year={2018}
}

@article{howard2018,
       author = {{Howard}, Jeremy and {Ruder}, Sebastian},
        title = "{Universal Language Model Fine-tuning for Text Classification}",
      journal = {arXiv e-prints},
     keywords = {Computer Science - Computation and Language, Computer Science - Machine Learning, Statistics - Machine Learning},
         year = 2018,
        month = Jan,
          eid = {arXiv:1801.06146},
        pages = {arXiv:1801.06146},
archivePrefix = {arXiv},
       eprint = {1801.06146},
 primaryClass = {cs.CL},
       adsurl = {https://ui.adsabs.harvard.edu/\#abs/2018arXiv180106146H},
      adsnote = {Provided by the SAO/NASA Astrophysics Data System}
}

@article{malmasi:2018:nli,
  author = 	"Malmasi, Shervin and Dras, Mark",
  title = 	"Native Language Identification With Classifier Stacking and Ensembles",
  journal = 	"Computational Linguistics",
  year = 	"2018",
  volume = 	"44",
  number = 	"3",
  pages = 	"403--446",
  url = 	"http://aclweb.org/anthology/J18-3003"
}

@article{merityRegOpt,
  title={{Regularizing and Optimizing LSTM Language Models}},
  author={Merity, Stephen and Keskar, Nitish Shirish and Socher, Richard},
  journal={arXiv preprint arXiv:1708.02182},
  year={2017}
}

@inProceedings{tan:2014:BUCC,
  author={Tan, Liling and Zampieri, Marcos and Ljube{\v{s}}ic, Nikola and Tiedemann, J{\"o}rg},
  title={Merging Comparable Data Sources for the Discrimination of Similar Languages: The DSL Corpus Collection},  
  booktitle={Proceedings of the 7th Workshop on Building and Using Comparable Corpora (BUCC)},
  address={Reykjavik, Iceland},
  pages={11--15},
  year={2014}
}

@inProceedings{villegas:2014:CACIC,
  author={Villegas, María Paula and Ucelay, María JoséGarciarena and Errecalde, Marcelo Luis and Cagnina, Leticia Cecilia},
  title={A Spanish text corpus for the author profiling task},
  booktitle={XX Congreso Argentino de Ciencias de la Computación (CACIC 2014)},
  address={Buenos Aires, Argentina},
  year={2014}
}

